<record><leader>00000cas a22000007a 4500</leader><controlfield tag="001">18261002</controlfield><controlfield tag="008">880722c19889999paudn ne      0    0eng d</controlfield><datafield ind1=" " ind2=" " tag="010"><subfield code="a">sn 89077215 </subfield></datafield><datafield ind1=" " ind2=" " tag="040"><subfield code="a">NPH</subfield><subfield code="b">eng</subfield><subfield code="c">NPH</subfield><subfield code="d">OCLCQ</subfield></datafield><datafield ind1=" " ind2=" " tag="042"><subfield code="a">msc</subfield></datafield><datafield ind1="0" ind2=" " tag="130"><subfield code="a">Record (Horsham, Pa.)</subfield></datafield><datafield ind1="1" ind2="4" tag="245"><subfield code="a">The record.</subfield></datafield><datafield ind1="1" ind2="7" tag="246"><subfield code="a">Intelligencer/record</subfield></datafield><datafield ind1=" " ind2=" " tag="260"><subfield code="a">Horsham, Pa. :</subfield><subfield code="b">Charles P. Smith,</subfield><subfield code="c">1988-</subfield></datafield><datafield ind1=" " ind2=" " tag="300"><subfield code="a">v. :</subfield><subfield code="b">ill. ;</subfield><subfield code="c">57 cm.</subfield></datafield><datafield ind1=" " ind2=" " tag="310"><subfield code="a">Daily (except Saturdays, Jan. 1, Memorial Day, July 4, Labor Day, Dec. 25)</subfield></datafield><datafield ind1="0" ind2=" " tag="362"><subfield code="a">Vol. 98, no. 111 (May 10, 1988)-</subfield></datafield><datafield ind1=" " ind2=" " tag="580"><subfield code="a">Bucks County ed.: Intelligencer (Doylestown, Pa.).</subfield></datafield><datafield ind1=" " ind2=" " tag="752"><subfield code="a">United States</subfield><subfield code="b">Pennsylvania</subfield><subfield code="c">Montgomery</subfield><subfield code="d">Horsham.</subfield></datafield><datafield ind1="1" ind2=" " tag="775"><subfield code="t">Intelligencer (Doylestown, Pa.)</subfield><subfield code="w">(DLC)sn 89077213</subfield></datafield><datafield ind1="0" ind2="0" tag="780"><subfield code="t">Montgomery County record</subfield><subfield code="w">(DLC)sn 89077214</subfield></datafield></record>